<?xml version="1.0" encoding="UTF-8"?>
<SOAP-ENV:Envelope xmlns:SOAP-ENV="http://schemas.xmlsoap.org/soap/envelope/" xmlns:of="http://oss.dbc.dk/ns/openformat" xmlns:ofo="http://oss.dbc.dk/ns/openformatoutput"><SOAP-ENV:Body><of:formatResponse><marc:record xmlns:marc="http://www.loc.gov/MARC21/slim"><leader>00000nam a22000004c 4500</leader><controlfield tag="001">820120:000467112</controlfield><controlfield tag="003">DKDLA</controlfield><controlfield tag="005">00000000000000.0</controlfield><controlfield tag="007">ta</controlfield><controlfield tag="008">000000s2011    ||||||||||||| 00||ueng||</controlfield><datafield ind1=" " ind2="0" tag="245"><subfield code="a">Globalization :</subfield><subfield code="b">Trade agreements, global health and United Nations involvement</subfield></datafield><datafield ind1=" " ind2=" " tag="260"><subfield code="b">Nova Science,</subfield><subfield code="c">2011</subfield></datafield><datafield ind1=" " ind2=" " tag="300"><subfield code="a">x s.</subfield></datafield><datafield ind1="1" ind2=" " tag="700"><subfield code="a">Massari, Marilyn G.</subfield></datafield><datafield ind1="1" ind2=" " tag="700"><subfield code="a">Lutz, Karl J.</subfield></datafield></marc:record></of:formatResponse></SOAP-ENV:Body></SOAP-ENV:Envelope>
